@article{Parzen23,
    title = {PyPSA-Earth. A new global open energy system optimization model demonstrated in Africa},
    journal = {Applied Energy},
    volume = {341},
    pages = {121096},
    year = {2023},
    IGNOREissn = {0306-2619},
    doi = {https://doi.org/10.1016/j.apenergy.2023.121096},
    IGNOREurl = {https://www.sciencedirect.com/science/article/pii/S0306261923004609},
    author = {Maximilian Parzen and Hazem Abdel-Khalek and Ekaterina Fedotova and Matin Mahmood and Martha Maria Frysztacki and Johannes Hampp and Lukas Franken and Leon Schumm and Fabian Neumann and Davide Poli and Aristides Kiprakis and Davide Fioriti},
    keywords = {Macro-energy systems, Optimization, OpenStreetMap, PyPSA-Earth, PyPSA-Africa, PyPSA meets Earth}
}